@misc{acosta_nodate,
  author = {Acosta, Jan},
  title = {Test-driven development},
  howpublished = {IBM},
  note = {Accessed: 2023-12-06},
  url = {https://www.ibm.com/garage/method/practices/code/practice_test_driven_development/}
}

@article{bhardwaz_2023,
  author = {Bhardwaz, Saumyamani and Godha, Rohan},
  year = {2023},
  title = {Svelte.js: The Most Loved Framework Today},
  number = {1},
  pages = {7}
}

@misc{copes_2018,
  author = {Copes, Flavio},
  year = {2018},
  title = {The Vue Handbook: a thorough introduction to Vue.js},
  howpublished = {freeCodeCamp},
  url = {https://www.freecodecamp.org/news/the-vue-handbook-a-thorough-introduction-to-vue-js-1e86835d8446/}
}

@misc{faulkner_2023,
  author = {Faulkner, Rosie},
  year = {2023},
  title = {Vue vs React vs… Svelte?!},
  howpublished = {Medium},
  url = {https://medium.com/@faulknerproject/vue-vs-react-vs-svelte-5f93d70d2618}
}

@article{ferreira_2023,
  author = {Ferreira, Fabio and Valente, Marco T.},
  year = {2023},
  title = {Detecting code smells in React-based Web apps},
  number = {1},
  pages = {16}
}

@book{hcySun_2023,
  author = {HcySun, Yang},
  year = {2023},
  title = {Vue.JS Framework},
  edition = {1st},
  publisher = {Springer Singapore},
  address = {Singapore}
}

@misc{ieee_2022,
  organization = {IEEE},
  author = {Diniz-Junior, Raimundo N. and others},
  year = {2022},
  title = {Evaluating the performance of web rendering technologies based on JavaScript: Angular, React, and Vue},
  url = {https://ieeexplore.ieee.org/document/9959901/authors#authors},
  note = {Accessed: 2023-12-05}
}

@misc{sveltekit_nodate,
  title = {Introduction • Docs • SvelteKit},
  howpublished = {SvelteKit},
  note = {Accessed: 2023-12-05},
  url = {https://kit.svelte.dev/docs/introduction}
}

@article{kaur_2023,
  author = {Kaur, Gursheen and Tiwari, Raj G.},
  year = {2023},
  title = {Comparison and Analysis of Popular Frontend Frameworks and Libraries: An Evaluation of Parameters for Frontend Web Development},
  number = {1},
  pages = {7}
}

@article{novac_2021,
  author = {Novac, Cornelia M. and others},
  year = {2021},
  title = {Comparative study of some applications made in the Vue.js and React.js frameworks},
  number = {1},
  pages = {4}
}

@misc{perrin_nodate,
  author = {Perrin, Hunter},
  title = {Svelte Material UI},
  howpublished = {Svelte Material UI},
  note = {Accessed: 2023-12-08},
  url = {https://sveltematerialui.com/}
}

@misc{wichmann_2021,
  author = {Wichmann, Nick},
  year = {2021},
  title = {React vs Vue vs Angular vs Svelte},
  howpublished = {DEV Community},
  url = {https://dev.to/hb/react-vs-vue-vs-angular-vs-svelte-1fdm}
}
